@BOOK{Gonzalez1995-fl,
  title    = "Metrolog{\'\i}a",
  author   = "Gonz{\'a}lez, Carlos Gonz{\'a}lez and V{\'a}zquez, Jos{\'e}
              Ram{\'o}n Zeleny",
  year     =  1995,
  language = "es"
}

@BOOK{Gomez_Morales_T_Agueda_Casado_E_Garcia_Jimenez_J_L_Martin_Navarro_J_undated-gv,
  title     = "Carrocer{\'\i}a. Elementos Estructurales del Veh{\'\i}culo",
  author    = "{G{\'o}mez Morales, T., {\'A}gueda Casado, E., Garc{\'\i}a
               Jim{\'e}nez, J. L., \& Mart{\'\i}n Navarro, J.}",
  year     =  2001,
  publisher = "Paraninfo Cengage Learning",
  address   = "La Villa y Corte de Madrid, Espa{\~n}a",
  language  = "es"
}
